<record><leader>00000cas a22000007a 4500</leader><controlfield tag="001">9264328</controlfield><controlfield tag="008">830228d186018uumauwr ne      0    0eng d</controlfield><controlfield tag="009">3768</controlfield><datafield ind1=" " ind2=" " tag="010"><subfield code="a">sn 83020115 </subfield></datafield><datafield ind1=" " ind2=" " tag="040"><subfield code="a">NPX</subfield><subfield code="b">eng</subfield><subfield code="c">NPX</subfield><subfield code="d">DLC</subfield></datafield><datafield ind1="1" ind2=" " tag="029"><subfield code="a">AU@</subfield><subfield code="b">000025787524</subfield></datafield><datafield ind1=" " ind2=" " tag="042"><subfield code="a">msc</subfield></datafield><datafield ind1=" " ind2=" " tag="043"><subfield code="a">n-us-ma</subfield></datafield><datafield ind1="0" ind2="0" tag="050"><subfield code="a">Newspaper 8160-X</subfield></datafield><datafield ind1="0" ind2=" " tag="130"><subfield code="a">Cambridge review (Cambridge, Mass. : 1860)</subfield></datafield><datafield ind1="0" ind2="4" tag="245"><subfield code="a">The Cambridge review.</subfield></datafield><datafield ind1=" " ind2=" " tag="260"><subfield code="a">Cambridge, [Mass.] :</subfield><subfield code="b">C.B. Webster,</subfield><subfield code="c">1860-</subfield></datafield><datafield ind1=" " ind2=" " tag="300"><subfield code="a">v. ;</subfield><subfield code="c">64 cm.</subfield></datafield><datafield ind1=" " ind2=" " tag="310"><subfield code="a">Weekly</subfield></datafield><datafield ind1="0" ind2=" " tag="362"><subfield code="a">Vol. 1, no. 1 (Apr. 19, 1860)-</subfield></datafield><datafield ind1=" " ind2=" " tag="500"><subfield code="a">Printers: Allen &amp; Farnham, &lt;1860&gt;.</subfield></datafield><datafield ind1=" " ind2=" " tag="500"><subfield code="a">Editor: C.B. Webster, &lt;1860&gt;.</subfield></datafield><datafield ind1="1" ind2=" " tag="700"><subfield code="a">Webster, C. B.</subfield></datafield><datafield ind1=" " ind2=" " tag="752"><subfield code="a">United States</subfield><subfield code="b">Massachusetts</subfield><subfield code="c">Middlesex</subfield><subfield code="d">Cambridge.</subfield></datafield></record>